@book{arlow_2007_uml,
	author = {Arlow, Jim and Neustadt, Ila},
	publisher = {Computer Press},
	title = {UML 2 a unifikovaný proces vývoje aplikací: objektově orientovaná analýza a návrh prakticky},
	year = {2007},
	isbn = {8025115038}
}

@book{rek_2008_kola,
	author = {Šárek, Ondřej},
	pages = {6},
	publisher = {G + W},
	title = {Škola hry na ukulele},
	year = {2008},
	isbn = {979-07-06-50970-9}
}

@book{martin_2018_clean,
	author = {Martin, Robert Cecil},
	publisher = {Prentice Hall},
	title = {Clean Architecture : a craftsman's guide to software structure and design},
	year = {2018}
}

@book{porcello_2018_learning,
	author = {Porcello, Eve and Banks, Alex},
	publisher = {O'reilly},
	title = {Learning GrapQL: declarative data fetching for modern web apps},
	year = {2018},
	isbn = {9781492030713}
}

@book{bevacqua_2018_mastering,
	author = {Bevacqua, Nicolas},
	publisher = {O'Reilly Media},
	title = {Mastering Modular JavaScript},
	year = {2018}
}

@book{rossel_2017_continuous,
	author = {Rossel, Sander},
	publisher = {Packt Publishing},
	title = {Continuous Integration, Delivery, and Deployment},
	year = {2017},
	isbn = {9781787286610}
}

@book{jirivyslouzil_1995_hudebni,
	author = {Jiří Vysloužil},
	publisher = {Lipa--A.J. Rychlík},
	title = {Hudební slovník pro každého},
	year = {1995},
	isbn = {9788090119901}
}

@online{s_2016_the,
	author = {Sutton, Christopher},
	month = {09},
	title = {The 5 Easiest Instruments Perfect for Adult Learners},
	url = {https://takelessons.com/blog/easiest-instrument-for-adults},
	urldate = {2020-05-22},
	year = {2016}
}

@online{richardson_2019_top,
	author = {Richardson, Ged },
	month = {03},
	title = {Top 5 Easiest Instrument to Learn for Adults \& Children},
	url = {https://zinginstruments.com/easiest-instrument-to-learn/},
	urldate = {2020-05-22},
	year = {2019}
}


@online{netscapecommunicationscorporation_1995_press,
	author = {{Netscape Communications Corporation}},
	month = {12},
	title = {Press Release},
	url = {https://web.archive.org/web/20070916144913/http://wp.netscape.com/newsref/pr/newsrelease67.html},
	urldate = {2020-05-22},
	year = {1995}
}

@online{stackexchangeinc_2019_stack,
	author = {{Stack Exchange, Inc.}},
	title = {Stack Overflow Developer Survey 2019},
	url = {https://insights.stackoverflow.com/survey/2019\#most-popular-technologies},
	urldate = {2020-05-22},
	year = {2019}
}

@online{jetbrainssro_2019_demographics,
	author = {{JetBrains s.r.o.}},
	title = {Demographics \& Methodology 2019 - The state of Developer Ecosystem in 2019 Infographic},
	url = {https://www.jetbrains.com/lp/devecosystem-2019/demographics/},
	urldate = {2020-05-22},
	year = {2019}
}

@online{googlellc_2019_lighthouse,
	author = {{Google LLC}},
	title = {Lighthouse},
	url = {https://developers.google.com/web/tools/lighthouse},
	urldate = {2020-05-22},
	year = {2019}
}

@online{puchmayr_complete,
	author = {Puchmayr, Jakob},
	title = {Complete Ukulele Beginner Course},
	urldate = {2020-05-22},
	url = {https://www.udemy.com/course/complete-ukulele-beginner-course/},
}

@article{ritchie_2018_app,
	author = {Ritchie, Rene},
	month = {03},
	publisher = {iMore},
	title = {App Store Year Zero: Unsweet web apps and unsigned code drove iPhone to an SDK},
	urldate = {2020-05-22},
	url = {https://www.imore.com/history-app-store-year-zero},
	year = {2018}
}

@article{sepulveda_2017_share,
	author = {Sepulveda, Christian},
	month = {01},
	title = {Share Code between React and React Native Apps},
	urldate = {2020-05-22},
	url = {https://hackernoon.com/code-reuse-using-higher-order-hoc-and-stateless-functional-components-in-react-and-react-native-6eeb503c665},
	year = {2017}
}

@incollection{yarncontributors_1_plugnplay,
	author = {Yarn Contributors},
	month = {09},
	title = {Plug'n Play},
	booktitle = {Yarn Documentation},
	urldate = {2020-05-22},
	url = {https://yarnpkg.com/features/pnp},
	year = {2018}
}

@incollection{joyentinc_1_noderesolutionalgorithm,
	author = {Joyent, Inc.},
	month = {04},
	urldate = {2020-03-12},
	title = {Node Resolution Algorithm},
	booktitle = {Node.js Documentation},
	url = {https://nodejs.org/api/modules.html\#modules_all_together},
	year = {2016}
}


@online{you_2014_comparison,
	author = {You, Evan},
	title = {Comparison with Other Frameworks - Vue.js},
	urldate = {2020-05-22},
	url = {https://vuejs.org/v2/guide/comparison.html#React},
	year = {2014},
	organization = {vuejs.org}
}

@misc{brito2020rest,
	title={REST vs GraphQL: A Controlled Experiment},
	author={Gleison Brito and Marco Tulio Valente},
	year={2020},
	eprint={2003.04761},
	archivePrefix={arXiv},
	primaryClass={cs.SE}
}

@online{automatticinc_2020_mongoose,
	author = {{Automattic, Inc.}},
	month = {01},
	title = {Mongoose: Schemas},
	urldate = {2020-05-22},
	url = {https://mongoosejs.com/docs/guide.html},
	year = {2020},
	organization = {Mongoosejs.com}
}

@online{shehet_2020_css,
	author = {Shehet, Gregory},
	month = {04},
	title = {CSS IN JS Benchmarks},
	url = {https://github.com/A-gambit/CSS-IN-JS-Benchmarks},
	urldate = {2020-04-30},
	year = {2020},
	organization = {GitHub}
}

@online{facebookinc_2018_codesplitting,
	author = {{Facebook, Inc.}},
	month = {01},
	title = {Code-Splitting – React},
	url = {https://reactjs.org/docs/code-splitting.html},
	urldate = {2020-04-30},
	year = {2018},
	organization = {reactjs.org}
}

@online{potter_2020_npm,
	author = {Potter, John},
	month = {04},
	title = {NPM Trends: Compare NPM package downloads},
	url = {https://www.npmtrends.com/@angular/core-vs-react-vs-vue},
	urldate = {2020-05-11},
	year = {2020},
	organization = {www.npmtrends.com}
}

@online{martin_2019_clean,
	author = {Martin, Robert Cecil},
	title = {Clean Coder Blog},
	url = {https://blog.cleancoder.com/uncle-bob/2012/08/13/the-clean-architecture.html},
	urldate = {2019-11-19},
	year = {2019},
	organization = {Cleancoder.com}
}

@online{niedt_2019_free,
	author = {Niedt, Douglas},
	month = {06},
	title = {FREE ONLINE METRONOME},
	url = {https://douglasniedt.com/metronomeonline.html},
	urldate = {2020-05-22},
	year = {2019},
	organization = {douglasniedt.com}
}

@online{grubbe_2019_online,
	author = {Grubbe, Lasse},
	month = {05},
	title = {Online metronome},
	url = {https://www.musicca.com/metronome},
	urldate = {2020-05-22},
	year = {2019},
	organization = {Musicca}
}

@online{a2008_ukulele,
	title = {Ukulele Tabs and Chords},
	url = {https://www.ukulele-tabs.com/},
	urldate = {2020-05-22},
	year = {2008},
	organization = {www.ukulele-tabs.com}
}

@online{theukuworldnetwork_2012_ukulele,
	author = {The UkuWorld Network},
	title = {Ukulele Chords and Tabs • UkuTabs},
	url = {https://ukutabs.com/},
	urldate = {2020-05-22},
	year = {2012},
	organization = {https://ukutabs.com/}
}

@software{figmainc_2019_figma,
	author = {{Figma, Inc.}},
	title = {Figma},
	urldate = {2020-05-22},
	url = {https://www.figma.com/},
	year = {2019},
	organization = {Figma}
}

@software{facebookinc_2017_jest,
	author = {{Facebook, Inc.}},
	title = {Jest},
	urldate = {2020-05-13},
	url = {https://jestjs.io/},
	year = {2017},
	version = {25.5.4},
	howpublished = {software},
}

@online{facebookinc_2019_react,
	author = {{Facebook, Inc.}},
	title = {React},
	urldate = {2020-05-22},
	url = {https://reactjs.org/},
	year = {2013},
	organization = {Reactjs.org}
}

@online{googlellc_2019_angular,
	author = {{Google LLC}},
	title = {Angular},
	urldate = {2020-05-22},
	url = {https://angular.io/},
	year = {2016},
	organization = {Angular.io}
}

@online{you_2014_vuejs,
	author = {You, Evan},
	title = {Vue.js},
	urldate = {2020-05-22},
	url = {https://vuejs.org/},
	year = {2014},
	organization = {Vuejs.org}
}

@misc{facebookinc_2015_reactnative,
	author = {{Facebook, Inc.}},
	title = {React Native},
	urldate = {2020-05-22},
	url = {https://reactnative.dev/},
	year = {2015},
	organization = {reactnative.dev}
}

@misc{meteordevelopmentgroupinc_2019_apollo,
	author = {{Meteor Development Group, Inc.}},
	title = {Apollo GraphQL},
	urldate = {2020-05-22},
	url = {https://www.apollographql.com/},
	year = {2019},
	organization = {Apollo GraphQL}
}

@misc{expresscontributors_2017_express,
	author = {{Express Contributors}},
	title = {Express},
	urldate = {2020-05-22},
	url = {https://expressjs.com/},
	year = {2017},
	organization = {Expressjs.com}
}

@misc{facebookinc_2019_yarn,
	author = {{Facebook, Inc.}},
	title = {Yarn},
	url = {https://yarnpkg.com/},
	urldate = {2019-09-11},
	year = {2019},
	organization = {Yarnpkg.com}
}

@misc{automatticinc_2011_mongoose,
	author = {{Automattic, Inc.}},
	title = {Mongoose ODM},
	urldate = {2020-05-22},
	url = {https://mongoosejs.com/},
	year = {2011},
	organization = {Mongoosejs}
}

@misc{mongodbinc_2019_the,
	author = {{MongoDB, Inc.}},
	title = {MongoDB},
	urldate = {2020-05-22},
	url = {https://www.mongodb.com/},
	year = {2019},
	organization = {MongoDB}
}

@misc{a2011_ukulele,
	title = {Ukulele Chords API},
	url = {https://ukulele-chords.com/api},
	urldate = {2020-05-22},
	year = {2011},
	organization = {Ukulele-Chords.com}
}

@misc{cordobaguitars_2020_ukulele,
	author = {Cordoba Guitars},
	title = {Ukulele},
	year = {2020},
	urldate = {2020-05-23},
	organization = {https://www.cordobaguitars.com/ukuleles/up100-ukulele-pack/},
	url = {https://www.cordobaguitars.com/ukuleles/up100-ukulele-pack/}
}
